
@BOOK{Brieskorn1983, 
	title="{Lineare Algebra und Analytische Geometrie I: Noten zu einer Vorlesung mit historischen Anmerkungen von Erhard Scholz (German Edition)}",
	author={Egbert Brieskorn},
	publisher={Vieweg+Teubner Verlag},
	year={1983},
	month={1},
	edition={1983},
	isbn={9783528085612},
	url={http://amazon.com/o/ASIN/3528085614/},
	price={$49.99},
	totalpages={636},
	timestamp={2014.01.30},
}
